<?xml version="1.0" encoding="UTF-8"?><record xmlns="http://www.loc.gov/MARC21/slim" xmlns:cinclude="http://apache.org/cocoon/include/1.0" xmlns:zs="http://www.loc.gov/zing/srw/">
  <leader>00385nz  a2200133n  4500</leader>
  <controlfield tag="001">no2007098602</controlfield>
  <controlfield tag="003">DLC</controlfield>
  <controlfield tag="005">20070829075220.0</controlfield>
  <controlfield tag="008">070820n| acannaabn          |n aaa     c</controlfield>
  <datafield tag="010" ind1=" " ind2=" ">
    <subfield code="a">no2007098602</subfield>
  </datafield>
  <datafield tag="035" ind1=" " ind2=" ">
    <subfield code="a">(OCoLC)oca07504913</subfield>
  </datafield>
  <datafield tag="040" ind1=" " ind2=" ">
    <subfield code="a">OkS</subfield>
    <subfield code="b">eng</subfield>
    <subfield code="c">OkS</subfield>
  </datafield>
  <datafield tag="100" ind1="1" ind2=" ">
    <subfield code="a">Rossen, C.</subfield>
  </datafield>
  <datafield tag="670" ind1=" " ind2=" ">
    <subfield code="a">Fieldbook guidebook to day 1, western escarpment of Guadalupe Mountains, 198u-?:</subfield>
    <subfield code="b">t.p. (C. Rossen)</subfield>
  </datafield>
</record>